@article{Herlihy90Linearizability,
 author = {Herlihy et al., Maurice P},
 title = {Linearizability: a correctness condition for concurrent objects},
 journal = {ACM Trans. Program. Lang. Syst.},
 issue_date = {1990},
 volume = {},
 number = {},
 month = {},
 year = {1990},
 issn = {0164-0925},
 pages = {},
 numpages = {},
 url = {http://doi.acm.org/10.1145/78969.78972},
 doi = {10.1145/78969.78972},
 acmid = {78972},
 publisher = {},
 address = {},
} 

@article{Ladin92Lazy,
 author = {Ladin et al., Rivka},
 title = {Providing high availability using lazy replication},
 journal = {ACM Trans. Comput. Syst.},
 volume = {},
 issue = {},
 month = {},
 year = {1992},
 issn = {0734-2071},
 pages = {},
 numpages = {},
 url = {http://doi.acm.org/10.1145/138873.138877},
 doi = {http://doi.acm.org/10.1145/138873.138877},
 acmid = {138877},
 publisher = {},
 address = {},
 keywords = {client/server architecture, fault tolerance, group communication, high availability, operation ordering, replication, scalability, semantics of application},
} 

@inproceedings{Singh09Zeno,
 author = {Singh et al., Atul},
 title = {Zeno: eventually consistent Byzantine-fault tolerance},
 booktitle = {NSDI},
 series = {},
 year = {2009},
 location = {Boston, Massachusetts},
 pages = {},
 numpages = {},
 url = {http://dl.acm.org/citation.cfm?id=1558977.1558989},
 acmid = {1558989},
 publisher = {},
 address = {},
} 

@inproceedings{Sovran2011TranGeo,
 author = {Sovran et al., Yair},
 title = {Transactional storage for geo-replicated systems},
 booktitle = {SOSP},
 series = {},
 year = {2011},
 isbn = {978-1-4503-0977-6},
 location = {},
 pages = {},
 numpages = {},
 url = {http://doi.acm.org/10.1145/2043556.2043592},
 doi = {http://doi.acm.org/10.1145/2043556.2043592},
 acmid = {2043592},
 publisher = {},
 address = {},
 keywords = {asynchronous replication, distributed storage, geo-distributed systems, key-value store, parallel snapshot isolation, transactions},
} 

@inproceedings{Li12RedBlue,
 author = {Li et al., Cheng},
 title = {Making geo-replicated systems fast as possible, consistent when necessary},
 booktitle = {OSDI},
 series = {},
 year = {2012},
 isbn = {978-1-931971-96-6},
 location = {},
 pages = {},
 numpages = {},
 url = {http://dl.acm.org/citation.cfm?id=2387880.2387906},
 acmid = {2387906},
 publisher = {},
 address = {},
} 

@inproceedings{Preguica2009CRDT,
 author = {Pregui\c{c}a et al., Nuno},
 title = {A Commutative Replicated Data Type for Cooperative Editing},
 booktitle = {ICDCS},
 series = {},
 year = {2009},
 isbn = {978-0-7695-3659-0},
 pages = {},
 numpages = {},
 url = {http://dx.doi.org/10.1109/ICDCS.2009.20},
 doi = {http://dx.doi.org/10.1109/ICDCS.2009.20},
 acmid = {1584604},
 publisher = {},
 address = {},
 keywords = {commutative replicated data type, distributed algorithms, replicated data, co-operative editing, dense identifier space},
} 

@PHDTHESIS{Kuncak2007Jahob,
  author = {Viktor Kuncak},
  title = {Modular Data Structure Verification},
  school = {EECS Department, MIT},
  month = {},
  year = {2007},
  url = {http://hdl.handle.net/1721.1/38533},
  localurl = {http://lara.epfl.ch/~kuncak/papers/Kuncak07DecisionProceduresModularDataStructureVerification.pdf}
}

@inproceedings{Aleen2009CommuteAnalysis,
 author = {Aleen et al., Farhana},
 title = {Commutativity Analysis for Software Parallelization: Letting Program Transformations See the Big Picture},
 booktitle = {ASPLOS},
 series = {},
 year = {2009},
 isbn = {978-1-60558-406-5},
 location = {Washington, DC, USA},
 pages = {},
 numpages = {},
 url = {http://doi.acm.org/10.1145/1508244.1508273},
 doi = {10.1145/1508244.1508273},
 acmid = {1508273},
 publisher = {},
 address = {},
 keywords = {automatic software parallelization, commutative functions, random interpretation}
} 

@article{Kim2011CommuteVerification,
 author = {Kim et al., Deokhwan},
 title = {Verification of semantic commutativity conditions and inverse operations on linked data structures},
 journal = {SIGPLAN Not.},
 issue_date = {2012},
 volume = {},
 number = {},
 month = {},
 year = {2011},
 issn = {0362-1340},
 pages = {},
 numpages = {},
 url = {http://doi.acm.org/10.1145/2345156.1993561},
 doi = {10.1145/2345156.1993561},
 acmid = {1993561},
 publisher = {},
 address = {},
 keywords = {commutativity condition, data structure, inverse operation, verification},
} 

@TechReport{Terry2011Baseball,
author = {Terry, Doug},
title = {Replicated Data Consistency Explained Through Baseball},
institution = {Microsoft},
year = {Oct,2011},
OPTkey = {},
OPTtype = {},
OPTnumber = {MSR-TR-2011-137},
OPTaddress = {},
OPTmonth = {},
OPTnote = {},
OPTannote = {},
OPTurl = {},
OPTdoi = {},
OPTissn = {},
OPTlocalfile = {},
OPTabstract = {}
}

@article{Kraska2009CloudRation,
 author = {Kraska et al., Tim},
 title = {Consistency rationing in the cloud: pay only when it matters},
 journal = {Proc. VLDB Endow.},
 issue_date = {2009},
 volume = {},
 number = {},
 month = {},
 year = {2009},
 issn = {2150-8097},
 pages = {},
 numpages = {},
 url = {http://dl.acm.org/citation.cfm?id=1687627.1687657},
 acmid = {1687657},
 publisher = {},
}

@inproceedings{Brewer2010CAP,
 author = {Brewer, Eric},
 title = {A certain freedom: thoughts on the CAP theorem},
 booktitle = {PODC},
 series = {},
 year = {2010},
 isbn = {978-1-60558-888-9},
 location = {Zurich, Switzerland},
 pages = {335--335},
 numpages = {1},
 url = {http://doi.acm.org/10.1145/1835698.1835701},
 doi = {10.1145/1835698.1835701},
 acmid = {1835701},
 publisher = {},
 address = {},
 keywords = {cap theorem},
}  

@Misc{Vogels2008Eventual,
author = {Vogels, Werner},
title = {Eventually Consistent - Revisited},
month = {Dec},
year = {2008},
institution = {Amazon},
url = {http://www.allthingsdistributed.com/2008/12/eventually_consistent.html}
}

@Misc{Hamilton2008GeoFacebook,
author = {Hamilton, James},
title = {Geo-Replication at Facebook},
month = {Aug},
year = {2008},
url = {http://perspectives.mvdirona.com/2008/08/21/GeoReplicationAtFacebook.aspx}
}

@article{Cooper08PNUTs,
 author = {{Cooper et al.}, Brian F.},
OPTauthor = {and Ramakrishnan, Raghu and Srivastava, Utkarsh and Silberstein, Adam and Bohannon, Philip and Jacobsen, Hans-Arno and Puz, Nick and Weaver, Daniel and Yerneni, Ramana},
 title = {PNUTS: Yahoo!'s hosted data serving platform},
 journal = {Proc. VLDB Endow.},
 issue_date = {2008},
 volume = {},
 number = {},
 month = aug,
 year = {2008},
 issn = {2150-8097},
 pages = {},
 numpages = {},
 url = {http://dl.acm.org/citation.cfm?id=1454159.1454167},
 acmid = {1454167},
 publisher = {},
}

@article{DeCandia07Dynamo,
 author = {{DeCandia et al.}, Giuseppe},
OPTauthor = {and Hastorun, Deniz and Jampani, Madan and Kakulapati, Gunavardhan and Lakshman, Avinash and Pilchin, Alex and Sivasubramanian, Swaminathan and Vosshall, Peter and Vogels, Werner},
 title = {Dynamo: amazon's highly available key-value store},
 journal = {SIGOPS Oper. Syst. Rev.},
 issue_date = {2007},
 volume = {},
 number = {},
 month = {},
 year = {2007},
 issn = {0163-5980},
 pages = {},
 numpages = {},
 url = {http://doi.acm.org/10.1145/1323293.1294281},
 doi = {10.1145/1323293.1294281},
 acmid = {1294281},
 publisher = {},
 address = {},
 keywords = {performance, reliability, scalability},
}

@inproceedings{Calder2011Azure,
 author = {Calder et al., Brad.},
 title = {Windows Azure Storage: a highly available cloud storage service with strong consistency},
 booktitle = {SOSP},
 series = {},
 year = {2011},
 isbn = {978-1-4503-0977-6},
 location = {},
 pages = {},
 numpages = {},
 url = {http://doi.acm.org/10.1145/2043556.2043571},
 doi = {10.1145/2043556.2043571},
 acmid = {2043571},
 publisher = {},
 address = {},
 keywords = {},
} 

@inproceedings{Corbett2012Spanner,
 author = {Corbett et al., James C.},
 title = {Spanner: Google's globally-distributed database},
 booktitle = {OSDI},
 series = {},
 year = {2012},
 isbn = {978-1-931971-96-6},
 location = {},
 pages = {251--264},
 numpages = {14},
 url = {http://dl.acm.org/citation.cfm?id=2387880.2387905},
 acmid = {2387905},
 publisher = {},
 address = {},
}

@inproceedings{Lloyd2011COPS,
 author = {Lloyd et al., Wyatt},
 title = {Don't settle for eventual: scalable causal consistency for wide-area storage with COPS},
 booktitle = {SOSP},
 series = {},
 year = {2011},
 isbn = {978-1-4503-0977-6},
 location = {},
 pages = {},
 numpages = {},
 url = {http://doi.acm.org/10.1145/2043556.2043593},
 doi = {10.1145/2043556.2043593},
 acmid = {2043593},
 publisher = {},
 address = {},
 keywords = {ALPS systems, causal + consistency, key-value storage, read transactions, scalable wide-area replication},
}


@inproceedings{Alvaro11Bloom,
  author    = {Peter et al., Alvaro},
  title     = {Consistency Analysis in Bloom: a CALM and Collected Approach},
  booktitle = {CIDR},
  year      = {2011},
  pages     = {},
  ee        = {http://www.cidrdb.org/cidr2011/Papers/CIDR11_Paper35.pdf},
  bibsource = {DBLP, http://dblp.uni-trier.de}
}

@inproceedings{Flanagan2002ESC,
 author = {Flanagan, Cormac and Leino, K. Rustan M. and Lillibridge, Mark and Nelson, Greg and Saxe, James B. and Stata, Raymie},
 title = {Extended static checking for Java},
 booktitle = {PLDI},
 series = {},
 year = {2002},
 isbn = {1-58113-463-0},
 location = {Berlin, Germany},
 pages = {234--245},
 numpages = {12},
 url = {http://doi.acm.org/10.1145/512529.512558},
 doi = {10.1145/512529.512558},
 acmid = {512558},
 publisher = {},
 address = {},
 keywords = {compile-time program checking},
}

@INPROCEEDINGS{Barthe2007JACK,
  author = {G. Barthe and L. Burdy and J. Charles and B. Gr{\'e}goire and M. Huisman and J.-L. Lanet and M. Pavlova and A. Requet},
  title = {{JACK}:  a tool for validation of security and behaviour of {Java} applications},
  booktitle = {FMCO: Proceedings of 5th International Symposium on Formal Methods for Components and Objects},
  publisher = {Springer-Verlag},
  series = {Lecture Notes in Computer Science},
  year = {2007},
  note = {To appear},
  pdfurl = {ftp://ftp-sop.inria.fr/everest/Marieke.Huisman/fmco06.pdf},
  topics = {team}
}

@book{KeYBook2007,
editor = {Beckert, Bernhard and H\"{a}hnle, Reiner and Schmitt, Peter H},
publisher = {Springer-Verlag},
series = {LNCS 4334},
title = {{Verification of Object-Oriented Software: The \{KeY\} Approach}},
year = {2007}
}

@inproceedings{filliatre07cav,
  author = {Jean-Christophe Filli\^atre and Claude March\'e},
  title = {The {Why/Krakatoa/Caduceus} Platform for Deductive Program
  Verification},
  pages = {173--177},
  topics = {team, lri},
  type_digiteo = {conf_isbn},
  type_publi = {icolcomlec},
  x-pdf = {http://www.lri.fr/~filliatr/ftp/publis/cav07.pdf},
  url = {http://www.lri.fr/~filliatr/ftp/publis/cav07.pdf},
  x-equipes = {demons PROVAL EXT},
  x-type = {articlecourt},
  x-support = {actes},
  x-cle-support = {CAV}
}

@Misc{amazonws,
OPTkey = {•},
author = {Amazon},
title = {Amazon Web Services},
howpublished = {\url{http://aws.amazon.com/}},
OPTmonth = {•},
OPTyear = {2013},
note = {2014},
OPTannote = {•}
}


@Misc{GoogleAppEngine,
OPTkey = {•},
author = {Google},
title = {Welcome to Google App Engine},
howpublished = {\url{https://appengine.google.com/}},
OPTmonth = {Nov},
OPTyear = {2013},
note = {Accessed Jan-2014},
OPTannote = {•}
}


@Misc{OracleNoSQL,
OPTkey = {•},
author = {Oracle},
title = {Oracle NoSQL Database},
howpublished = {\url{http://tinyurl.com/oxws5j8}},
OPTmonth = {11},
OPTyear = {2013},
note = {Accessed Jan-2014},
OPTannote = {•}
}


@misc{Schurman09latency,
  author = { Eric et al., Schurman},
  title = { Performance Related Changes and their User Impact. {P}resented at Velocity Web Performance and Operations Conference},
  year = {2009},
}

cle{Letia10Consistency,
 author = {Letia, Mihai and Pregui\c{c}a, Nuno and Shapiro, Marc},
 title = {Consistency without concurrency control in large, dynamic systems},
 journal = {SIGOPS Oper. Syst. Rev.},
 issue_date = {April 2010},
 volume = {44},
 number = {2},
 month = apr,
 year = {2010},
 issn = {0163-5980},
 pages = {29--34},
 numpages = {6},
 url = {http://doi.acm.org/10.1145/1773912.1773921},
 doi = {10.1145/1773912.1773921},
 acmid = {1773921},
 publisher = {},
 address = {},
} 

@inproceedings{Feldman10SPORC,
 author = {Feldman, Ariel J. and Zeller, William P. and Freedman, Michael J. and Felten, Edward W.},
 title = {SPORC: group collaboration using untrusted cloud resources},
 booktitle = {OSDI},
 series = {},
 year = {2010},
 location = {},
 pages = {},
 url = {http://dl.acm.org/citation.cfm?id=1924943.1924967},
 acmid = {1924967},
 publisher = {},
 address = {},
}

@inproceedings{Green09Reconcilable,
 author = {{Green et al.}, Todd J.},
 title = {Reconcilable differences},
 booktitle = {ICDT},
 series = {},
 year = {2009},
 isbn = {978-1-60558-423-2},
 location = {St. Petersburg, Russia},
 pages = {},
 numpages = {},
 url = {http://doi.acm.org/10.1145/1514894.1514920},
 doi = {10.1145/1514894.1514920},
 acmid = {1514920},
 publisher = {},
 address = {},
} 

@InProceedings{Shapiro11Conflict,
  author = 	 {Marc et al., Shapiro},
  title = 	 {Conflict-free Replicated Data Types},
  booktitle = 	 {SSS},
  year = 	 2011,
  editor = 	 {},
  volume = 	 {},
  series = 	 {},
  pages = 	 {},
  address = 	 {},
  month = 	 {},
  publisher =  {}
}

@inproceedings{Terry95Managing,
 author = {Terry et al., D. B. },
 title = {Managing Update Conflicts in Bayou, a Weakly Connected Replicated Storage System},
 booktitle = {SOSP},
 series = {},
 year = {1995},
 isbn = {},
 location = {Copper Mountain, Colorado, USA},
 pages = {},
 numpages = {},
 url = {http://doi.acm.org/10.1145/224056.224070},
 doi = {10.1145/224056.224070},
 acmid = {224070},
 publisher = {},
 address = {}
}

@inproceedings{Lloyd13Stronger,
 author = {Lloyd et al., Wyatt},
 title = {Stronger Semantics for Low-latency Geo-replicated Storage},
 booktitle = {NSDI},
 series = {},
 year = {2013},
 location = {},
 pages = {},
 numpages = {},
 url = {http://dl.acm.org/citation.cfm?id=2482626.2482657},
 acmid = {2482657},
 publisher = {},
 address = {}
}

@inproceedings{Almeida13Chainreaction,
 author = {Almeida et al., S{\'e}rgio},
 title = {ChainReaction: A Causal+ Consistent Datastore Based on Chain Replication},
 booktitle = {EuroSys},
 series = {},
 year = {2013},
 isbn = {978-1-4503-1994-2},
 location = {Prague, Czech Republic},
 pages = {},
 numpages = {},
 url = {http://doi.acm.org/10.1145/2465351.2465361},
 doi = {10.1145/2465351.2465361},
 acmid = {2465361},
 publisher = {},
 address = {},
 keywords = {causal+ consistency, chain-replication, geo-replication, key-value storage}
} 

@article{Lakshman10Cassandra,
 author = {Lakshman et al., Avinash},
 title = {Cassandra: A Decentralized Structured Storage System},
 journal = {SIGOPS Oper. Syst. Rev.},
 issue_date = {2010},
 volume = {},
 number = {},
 month = {},
 year = {2010},
 issn = {0163-5980},
 pages = {},
 numpages = {},
 url = {http://doi.acm.org/10.1145/1773912.1773922},
 doi = {10.1145/1773912.1773922},
 acmid = {1773922},
 publisher = {},
 address = {}
} 

@inproceedings{Mahajan10Depot,
 author = {Mahajan et al., Prince},
 title = {Depot: cloud storage with minimal trust},
 booktitle = {OSDI},
 year = {2010},
}

@inproceedings{Terry13Consistency,
 author = {Terry et al., Douglas B.},
 title = {Consistency-based Service Level Agreements for Cloud Storage},
 booktitle = {SOSP},
 series = {},
 year = {2013},
 isbn = {978-1-4503-2388-8},
 location = {Farminton, Pennsylvania},
 pages = {},
 numpages = {},
 url = {http://doi.acm.org/10.1145/2517349.2522731},
 doi = {10.1145/2517349.2522731},
 acmid = {2522731},
 publisher = {},
 address = {},
 keywords = {cloud computing, consistency, replication, service level agreement, storage}
}

@inproceedings{Zhang13TransactionChain,
 author = {Zhang et al., Yang},
 title = {Transaction Chains: Achieving Serializability with Low Latency in Geo-distributed Storage Systems},
 booktitle = {SOSP},
 series = {},
 year = {2013},
 isbn = {978-1-4503-2388-8},
 location = {Farminton, Pennsylvania},
 pages = {},
 numpages = {},
 url = {http://doi.acm.org/10.1145/2517349.2522729},
 doi = {10.1145/2517349.2522729},
 acmid = {2522729},
 publisher = {},
 address = {},
}

@misc{TPC-Wv18,
        Author = {TPCW consortium},
        Howpublished = {\url{http://www.tpc.org/tpcw/spec/tpcw_v1.8.pdf}},
        Title = {TPC Benchmark-W Specification v. 1.8},
        Year = 2002}
}

@misc{RUBiS,
        Author = {Cecchet et al., Emmanuel},
        Howpublished = {\url{http://rubis.ow2.org/}},
        Title = {RUBiS: Rice University Bidding System},
        Year = 2009}
}
  
@Misc{Hoff09HighScalability,
OPTkey = {},
author = {Todd Hoff},
title = {Latency Is Everywhere And It Costs You Sales - How To Crush It},
howpublished = {\url{http://tinyurl.com/5g8mp2}},
OPTmonth = {},
year = {2009},
OPTnote = {},
OPTannote = {}
}

@inproceedings{Clements13Scalable,
 author = {Clements et al., Austin T.},
 title = {The Scalable Commutativity Rule: Designing Scalable Software for Multicore Processors},
 booktitle = {SOSP},
 OPTseries = {},
 year = {2013},
 OPTisbn = {978-1-4503-2388-8},
 OPTlocation = {Farminton, Pennsylvania},
 pages = {},
 OPTnumpages = {},
 OPTurl = {http://doi.acm.org/10.1145/2517349.2522712},
 doi = {10.1145/2517349.2522712},
 acmid = {2522712},
 OPTpublisher = {},
 OPTaddress = {}
} 

@article{Weihl98Commutativity,
 author = {Weihl, W. E.},
 title = {Commutativity-Based Concurrency Control for Abstract Data Types},
 journal = {IEEE Trans. Comput.},
 issue_date = {1988},
 volume = {},
 number = {},
 month = {},
 year = {1988},
 issn = {0018-9340},
 pages = {},
 numpages = {},
 url = {http://dx.doi.org/10.1109/12.9728},
 doi = {10.1109/12.9728},
 acmid = {54026},
 publisher = {IEEE Computer Society},
 address = {Washington, DC, USA},
 keywords = {abstract data types, commutativity, concurrency algorithms, concurrency control, dynamic atomicity, intentions lists, local atomicity property, nondeterministic, parallel processing., partial, recovery methods, serializability, undo logs}
} 

@inproceedings{dynamoDB,
 author = {Sivasubramanian, Swaminathan},
 title = {Amazon dynamo{DB}: A Seamlessly Scalable Non-relational Database Service},
 booktitle = {SIGMOD},
 series = {},
 year = {2012},
 isbn = {978-1-4503-1247-9},
 location = {},
 pages = {},
 numpages = {},
 url = {http://doi.acm.org/10.1145/2213836.2213945},
 doi = {10.1145/2213836.2213945},
 acmid = {2213945},
 publisher = {},
 address = {},
 keywords = {distributed databases, non-relational databases, scalability},
}

@misc{SIEVESampleData2014,
        Author = {},
        Howpublished = {\url{http://www.mpi-sws.org/~chengli/atc2014files/}},
        Title = {SIEVE example files},
        Year = {2014}
}

@misc{RegularExpr,
        Author = {},
        Howpublished = {\url{http://tinyurl.com/o52bze2}},
        Title = {Transitive closure method},
        Year = {2014}
}
@misc{javaparser,
author = {},
title  = {The web page of JavaParser},
date   = {2013-11},
Howpublished = {\url{http://code.google.com/p/javaparser}}
}

